<record><leader>00000cas a2200000 a 4500</leader><controlfield tag="001">17723598</controlfield><controlfield tag="008">880401d19871988mduwr ne      0   a0eng d</controlfield><datafield ind1=" " ind2=" " tag="010"><subfield code="a">sn 88000999 </subfield></datafield><datafield ind1=" " ind2=" " tag="040"><subfield code="a">NSD</subfield><subfield code="b">eng</subfield><subfield code="c">NSD</subfield><subfield code="d">OCLCQ</subfield></datafield><datafield ind1=" " ind2=" " tag="012"><subfield code="j">1</subfield><subfield code="l">1</subfield></datafield><datafield ind1="1" ind2=" " tag="022"><subfield code="a">0898-1248</subfield><subfield code="l">0898-1248</subfield><subfield code="2">1</subfield></datafield><datafield ind1=" " ind2=" " tag="037"><subfield code="b">Patuxent Pub. Co., 10750 Little Patuxent Pkwy., Columbia, MD 21044</subfield></datafield><datafield ind1=" " ind2=" " tag="042"><subfield code="a">nsdp</subfield></datafield><datafield ind1=" " ind2="0" tag="222"><subfield code="a">Towson, Timonium, Lutherville, Cockeysville flier</subfield></datafield><datafield ind1="0" ind2="0" tag="245"><subfield code="a">Towson, Timonium, Lutherville, Cockeysville flier.</subfield></datafield><datafield ind1="3" ind2="0" tag="246"><subfield code="a">Flier</subfield></datafield><datafield ind1="1" ind2="7" tag="246"><subfield code="a">Towson flier</subfield></datafield><datafield ind1=" " ind2=" " tag="260"><subfield code="a">Columbia, Md. :</subfield><subfield code="b">Patuxent Pub. Co.</subfield></datafield><datafield ind1=" " ind2=" " tag="300"><subfield code="a">v.</subfield></datafield><datafield ind1=" " ind2=" " tag="310"><subfield code="a">Weekly</subfield></datafield><datafield ind1="1" ind2=" " tag="362"><subfield code="a">Began in 1987; ceased with May 4, 1988.</subfield></datafield><datafield ind1=" " ind2=" " tag="588"><subfield code="a">Description based on: Vol. 2, no. 1 (Mar. 17, 1988).</subfield></datafield><datafield ind1=" " ind2=" " tag="752"><subfield code="a">United States</subfield><subfield code="b">Maryland</subfield><subfield code="c">Baltimore</subfield><subfield code="d">Towson.</subfield></datafield><datafield ind1=" " ind2=" " tag="752"><subfield code="a">United States</subfield><subfield code="b">Maryland</subfield><subfield code="c">Baltimore</subfield><subfield code="d">Timonium.</subfield></datafield><datafield ind1=" " ind2=" " tag="752"><subfield code="a">United States</subfield><subfield code="b">Maryland</subfield><subfield code="c">Baltimore</subfield><subfield code="d">Lutherville.</subfield></datafield><datafield ind1=" " ind2=" " tag="752"><subfield code="a">United States</subfield><subfield code="b">Maryland</subfield><subfield code="c">Baltimore</subfield><subfield code="d">Cockeysville.</subfield></datafield><datafield ind1="0" ind2="4" tag="785"><subfield code="t">Towson times</subfield><subfield code="x">1041-0899</subfield><subfield code="w">(DLC)sn 88065077</subfield></datafield><datafield ind1="1" ind2=" " tag="029"><subfield code="a">AU@</subfield><subfield code="b">000025802320</subfield></datafield></record>